<record><leader>00000cas a22000007a 4500</leader><controlfield tag="001">15152071</controlfield><controlfield tag="008">870204c18869999msuwr ne      0    0eng d</controlfield><datafield ind1=" " ind2=" " tag="010"><subfield code="a">sn 87090128 </subfield></datafield><datafield ind1=" " ind2=" " tag="040"><subfield code="a">PPM</subfield><subfield code="b">eng</subfield><subfield code="c">PPM</subfield><subfield code="d">MSJ</subfield><subfield code="d">OCLCQ</subfield></datafield><datafield ind1=" " ind2=" " tag="042"><subfield code="a">msc</subfield></datafield><datafield ind1="0" ind2=" " tag="130"><subfield code="a">Deer Creek pilot (Rolling Fork, Miss. : 1886)</subfield></datafield><datafield ind1="1" ind2="4" tag="245"><subfield code="a">The Deer Creek pilot.</subfield></datafield><datafield ind1="1" ind2="3" tag="246"><subfield code="a">Sharkey tribune</subfield></datafield><datafield ind1=" " ind2=" " tag="260"><subfield code="a">Rolling Fork, Miss. :</subfield><subfield code="b">S.W. Langford</subfield></datafield><datafield ind1=" " ind2=" " tag="310"><subfield code="a">Weekly</subfield></datafield><datafield ind1="1" ind2=" " tag="362"><subfield code="a">Began in 1886.</subfield></datafield><datafield ind1=" " ind2=" " tag="500"><subfield code="a">"Devoted to the interests of the fertile Deer Creek country."</subfield></datafield><datafield ind1=" " ind2=" " tag="500"><subfield code="a">For a short period published as: Sharkey tribune.</subfield></datafield><datafield ind1=" " ind2=" " tag="588"><subfield code="a">Description based on: Vol. 2, no. 17 (Jan. 16, 1886).</subfield></datafield><datafield ind1=" " ind2=" " tag="752"><subfield code="a">United States</subfield><subfield code="b">Mississippi</subfield><subfield code="c">Sharkey</subfield><subfield code="d">Rolling Fork.</subfield></datafield><datafield ind1=" " ind2=" " tag="752"><subfield code="a">United States</subfield><subfield code="b">Mississippi</subfield><subfield code="c">Washington</subfield><subfield code="d">Hollandale.</subfield></datafield><datafield ind1="0" ind2="0" tag="780"><subfield code="t">Weekly pilot</subfield></datafield></record>